<?xml version="1.0" encoding="UTF-8"?><collection xmlns="http://www.loc.gov/MARC21/slim"><record><leader>00551nam--2200193-i-4500</leader><controlfield tag="001">000041338</controlfield><controlfield tag="002">20161230</controlfield><controlfield tag="005">20161230201043</controlfield><controlfield tag="008">060222s1000------------r-----000-0-rus-d</controlfield><datafield ind1=" " ind2=" " tag="040"><subfield code="a">IFI-HH</subfield></datafield><datafield ind1=" " ind2=" " tag="041"><subfield code="a">rus</subfield></datafield><datafield ind1=" " ind2=" " tag="080"><subfield code="a">539.1</subfield></datafield><datafield ind1="1" ind2=" " tag="100"><subfield code="a">Starodubtev, S.V</subfield></datafield><datafield ind1="1" ind2="0" tag="245"><subfield code="a">Polnoe sobranie naucinih trudov</subfield><subfield code="b">V sesti tomah</subfield><subfield code="c">S.v. starodubtev</subfield></datafield><datafield ind1=" " ind2=" " tag="260"><subfield code="a">Taskent</subfield><subfield code="b">Fan</subfield><subfield code="c">1971, 1972</subfield></datafield><datafield ind1=" " ind2=" " tag="300"><subfield code="a">3 VOLUME</subfield></datafield><datafield ind1="1" ind2=" " tag="787"><subfield code="a">Tom V</subfield><subfield code="d">1972</subfield><subfield code="h">434p</subfield><subfield code="t">Radiationnaia Himia I Dozimetria Ioniziruiusih Izlucenii</subfield></datafield><datafield ind1=" " ind2=" " tag="852"><subfield code="a">35898</subfield><subfield code="c">539</subfield></datafield><datafield ind1=" " ind2=" " tag="CAT"><subfield code="a">Sys</subfield><subfield code="c">20111006</subfield><subfield code="h">154511</subfield></datafield></record></collection>